@article{handl,
  title={Multiobjective clustering with automatic determination of the number of clusters},
  author={Handl, Julia and Knowles, Joshua},
  journal={UMIST, Manchester, Tech. Rep. TR-COMPSYSBIO-2004-02},
  year={2004}
}

@article{smsemoa,
  title={SMS-EMOA: Multiobjective selection based on dominated hypervolume},
  author={Beume, Nicola and Naujoks, Boris and Emmerich, Michael},
  journal={European Journal of Operational Research},
  volume={181},
  number={3},
  pages={1653--1669},
  year={2007},
  publisher={Elsevier}
}

@InProceedings{nsga2,
  author = {K. Deb and Samir Agrawal and Amrit Pratap and T. Meyarivan},
   title = {A Fast Elitist Non-Dominated Sorting Genetic Algorithm for
                  Multi-Objective Optimization: {NSGA-II}}, 
   booktitle = {Parallel Problem Solving from Nature -- {PPSN VI}},
   pages = {849--858},
   year = {2000},
   editor = {Marc Schoenauer and K. Deb and G.
                  Rudolph and Xin Yao and Evelyne Lutton and Juan
                  Julian Merelo and Hans-Paul Schwefel},
   address = {Berlin},
   publisher = {Springer}
}

@article{handl2007,
  title={An evolutionary approach to multiobjective clustering},
  author={Handl, Julia and Knowles, Joshua},
  journal={Evolutionary Computation, IEEE Transactions on},
  volume={11},
  number={1},
  pages={56--76},
  year={2007},
  publisher={IEEE}
}


@inproceedings{kmeans,
  title={Some methods for classification and analysis of multivariate observations},
  author={MacQueen, James and others},
  booktitle={Proceedings of the fifth Berkeley symposium on mathematical statistics and probability},
  volume={1},
  number={14},
  pages={281--297},
  year={1967},
  organization={Oakland, CA, USA.}
}

@inproceedings{pesa,
  title={PESA-II: Region-based selection in evolutionary multiobjective optimization},
  author={Corne, David W and Jerram, Nick R and Knowles, Joshua D and Oates, Martin J and others},
  booktitle={Proceedings of the Genetic and Evolutionary Computation Conference (GECCO’2001},
  year={2001},
  organization={Citeseer}
}

@inproceedings{handl2005,
  title={Exploiting the trade-off—the benefits of multiple objectives in data clustering},
  author={Handl, Julia and Knowles, Joshua},
  booktitle={Evolutionary Multi-Criterion Optimization},
  pages={547--560},
  year={2005},
  organization={Springer}
}

@article{zitzler,
  title={Comparison of multiobjective evolutionary algorithms: Empirical results},
  author={Zitzler, Eckart and Deb, Kalyanmoy and Thiele, Lothar},
  journal={Evolutionary computation},
  volume={8},
  number={2},
  pages={173--195},
  year={2000},
  publisher={MIT Press}
}

@article{comparison,
  title={A summary and comparison of MOEA algorithms},
  author={Kunkle, Daniel},
  journal={Northeastern University in Boston, Massachusetts},
  year={2005}
}